@article{Moro20163341,
title = "Predicting social media performance metrics and evaluation of the impact on brand building: A data mining approach ",
journal = "Journal of Business Research ",
volume = "69",
number = "9",
pages = "3341 - 3351",
year = "2016",
note = "",
issn = "0148-2963",
doi = "https://doi.org/10.1016/j.jbusres.2016.02.010",
url = "http://www.sciencedirect.com/science/article/pii/S0148296316000813",
}
